@book {norvig, 
	place={Boston}, 
	title={Artificial Intelligence: A Modern Approach}, 
	publisher={Pearson}, 
	author={Russell, Stuart and Norvig, Peter}, 
	year={2016},
	edition={3}
}

@book {winston, 
	place={Boston}, 
	title={Artificial Intelligence}, 
	publisher={Addison-Wesley}, 
	author={Winston, Patrick}, 
	year={1993},
	edition={3}
}

@inproceedings{russell_paper,
	author = {Russell, Stuart},
	title = {Efficient Memory-bounded Search Methods},
	booktitle = {Proceedings of the 10th European Conference on Artificial Intelligence},
	series = {ECAI '92},
	year = {1992},
	location = {Vienna, Austria},
	publisher = {John Wiley \& Sons, Inc.},
	address = {New York, NY, USA},
} 